@article{murphy2010,
  title={Introducing the {G}raph 500},
  author={Murphy, Richard C. and Wheeler, Kyle B. and Barrett, Brian W. and Ang, James A.},
  journal={Cray User's Group (CUG)},
  year={2010}
}

@inproceedings{chakrabarti2004,
  title={{R-MAT}: {A} Recursive Model for Graph Mining.},
  author={Chakrabarti, Deepayan and Zhan, Yiping and Faloutsos, Christos},
  booktitle={SDM},
  volume={4},
  pages={442--446},
  year={2004},
  organization={SIAM}
}

@ARTICLE{bowman:reasoning,
	NOAUTHOR = "Mic Bowman and Saumya K. Debray and Larry L. Peterson",
	AUTHOR = "Mic {Bowman et al.}",
	TITLE = "Reasoning About Naming Systems",
	JOURNAL = "ACM Trans. Program. Lang. Syst.",
	VOLUME = {15},
	NUMBER = {5},
	pages = {795-825},
	MONTH = "November",
	YEAR = {1993}	}

@ARTICLE{braams:babel,
	AUTHOR = "Johannes Braams",
	TITLE = "Babel, a Multilingual Style-Option System for Use with LaTeX's Standard Document Styles",
	JOURNAL = {TUGboat},
	VOLUME = {12},
	NUMBER = {2},
	pages = {291-301},
	MONTH = "June",
	YEAR = {1991}	}

@INPROCEEDINGS{clark:pct,
	AUTHOR = "Malcolm Clark",
	TITLE = "Post Congress Tristesse",
	BOOKTITLE = "TeX90 Conference Proceedings",
	pages = "84-89",
	ORGANIZATION = "TeX Users Group",
	MONTH = "March", 
	YEAR = {1991}	}

@ARTICLE{herlihy:methodology,
	AUTHOR = "Maurice Herlihy",
	TITLE = "A Methodology for Implementing Highly Concurrent
	Data Objects",
	JOURNAL = {ACM Trans. Program. Lang. Syst.},
	VOLUME = {15},
	NUMBER = {5},
	pages = {745-770},
	MONTH = "November",
	YEAR = {1993}	}

@BOOK{Lamport:LaTeX,
	AUTHOR = "Leslie Lamport",
	TITLE = "LaTeX User's Guide and Document Reference Manual",
	PUBLISHER = "Addison-Wesley Publishing Company",
	ADDRESS = "Reading, Massachusetts",
	YEAR = "1986"	}

@BOOK{salas:calculus,
	AUTHOR = "S.L. Salas and Einar Hille",
	TITLE = "Calculus: One and Several Variable",
	PUBLISHER = "John Wiley and Sons",
	ADDRESS = "New York",
	YEAR = "1978"	}
	
	
	
@inproceedings{DBLP:conf/sigmod/RablFDJG15,
  noauthor    = {Tilmann Rabl and
               Michael Frank and
               Manuel Danisch and
               Hans{-}Arno Jacobsen and
               Bhaskar Gowda},
  author    = {Tilmann {Rabl et al.}},
  title     = {The Vision of {BigBench} 2.0},
  NObooktitle = {Proceedings of the Fourth Workshop on Data analytics in the Cloud,
               DanaC 2015, Melbourne, VIC, Australia, May 31 - June 4, 2015},
  booktitle = {{DanaC}},
	pages     = {3:1--3:4},
  year      = {2015},
  NOcrossref  = {DBLP:conf/sigmod/2015danac},
  NOurl       = {http://doi.acm.org/10.1145/2799562.2799642},
  NOdoi       = {10.1145/2799562.2799642},
  timestamp = {Tue, 23 Feb 2016 15:15:35 +0100},
  biburl    = {http://dblp.uni-trier.de/rec/bib/conf/sigmod/RablFDJG15},
  bibsource = {dblp computer science bibliography, http://dblp.org}
}

@inproceedings{DBLP:conf/sigmod/RablDFSJ15,
  noauthor    = {Tilmann Rabl and
               Manuel Danisch and
               Michael Frank and
               Sebastian Schindler and
               Hans{-}Arno Jacobsen},
  author    = {Tilmann {Rabl et al.}},
  title     = {Just can't get enough: Synthesizing Big Data},
  NObooktitle = {Proceedings of the 2015 {ACM} {SIGMOD} International Conference on
               Management of Data, Melbourne, Victoria, Australia, May 31 - June
               4, 2015},
  booktitle = {{SIGMOD}},
	pages     = {1457--1462},
  year      = {2015},
  NOcrossref  = {DBLP:conf/sigmod/2015},
  NOurl       = {http://doi.acm.org/10.1145/2723372.2735378},
  NOdoi       = {10.1145/2723372.2735378},
  timestamp = {Tue, 23 Feb 2016 15:15:35 +0100},
  biburl    = {http://dblp.uni-trier.de/rec/bib/conf/sigmod/RablDFSJ15},
  bibsource = {dblp computer science bibliography, http://dblp.org}
}

@inproceedings{DBLP:conf/tpctc/BaruBCDFGJJKNPRRRSSYY14,
  noauthor    = {Chaitanya K. Baru and
               Milind A. Bhandarkar and
               Carlo Curino and
               Manuel Danisch and
               Michael Frank and
               Bhaskar Gowda and
               Hans{-}Arno Jacobsen and
               Huang Jie and
               Dileep Kumar and
               Raghunath Othayoth Nambiar and
               Meikel Poess and
               Francois Raab and
               Tilmann Rabl and
               Nishkam Ravi and
               Kai Sachs and
               Saptak Sen and
               Lan Yi and
               Choonhan Youn},
  author    = {Chaitanya {K. Baru et al.}},
  title     = {Discussion of {BigBench}: {A} Proposed Industry Standard Performance
               Benchmark for Big Data},
  NObooktitle = {Performance Characterization and Benchmarking. Traditional to Big
               Data - 6th {TPC} Technology Conference, {TPCTC} 2014, Hangzhou, China,
               September 1-5, 2014. Revised Selected Papers},
	booktitle = {{TPCTC}},
  pages     = {44--63},
  year      = {2014},
  NOcrossref  = {DBLP:conf/tpctc/2014},
  NOurl       = {http://dx.doi.org/10.1007/978-3-319-15350-6_4},
  NOdoi       = {10.1007/978-3-319-15350-6_4},
  timestamp = {Tue, 23 Feb 2016 15:15:35 +0100},
  biburl    = {http://dblp.uni-trier.de/rec/bib/conf/tpctc/BaruBCDFGJJKNPRRRSSYY14},
  bibsource = {dblp computer science bibliography, http://dblp.org}
}

@inproceedings{DBLP:conf/wbdb/RablFDGJ14,
  noauthor    = {Tilmann Rabl and
               Michael Frank and
               Manuel Danisch and
               Bhaskar Gowda and
               Hans{-}Arno Jacobsen},
  author    = {Tilmann {Rabl et al.}},
  title     = {Towards a Complete {BigBench} Implementation},
  booktitle = {Big Data Benchmarking - 5th International Workshop, {WBDB} 2014, Potsdam,
               Germany, August 5-6, 2014, Revised Selected Papers},
  pages     = {3--11},
  year      = {2014},
  NOcrossref  = {DBLP:conf/wbdb/2014},
  NOurl       = {http://dx.doi.org/10.1007/978-3-319-20233-4_1},
  NOdoi       = {10.1007/978-3-319-20233-4_1},
  timestamp = {Tue, 23 Feb 2016 15:15:35 +0100},
  biburl    = {http://dblp.uni-trier.de/rec/bib/conf/wbdb/RablFDGJ14},
  bibsource = {dblp computer science bibliography, http://dblp.org}
}

@inproceedings{DBLP:conf/sigmod/GhazalRHRPCJ13,
  author    = {Ahmad {Ghazal et al}},
  noauthor    = {Ahmad Ghazal and
               Tilmann Rabl and
               Minqing Hu and
               Francois Raab and
               Meikel Poess and
               Alain Crolotte and
               H-A Jacobsen},
  title     = {{BigBench}: {T}owards an industry standard benchmark for {B}ig {D}ata analytics},
  NObooktitle = {Proceedings of the {ACM} {SIGMOD} International Conference on Management
               of Data, {SIGMOD} 2013, New York, NY, USA, June 22-27, 2013},
  booktitle = {{SIGMOD}},
  pages     = {1197--1208},
  year      = {2013},
  NOcrossref  = {DBLP:conf/sigmod/2013},
  NOurl       = {http://doi.acm.org/10.1145/2463676.2463712},
  NOdoi       = {10.1145/2463676.2463712},
  timestamp = {Wed, 26 Jun 2013 09:37:17 +0200},
  biburl    = {http://dblp.uni-trier.de/rec/bib/conf/sigmod/GhazalRHRPCJ13},
  bibsource = {dblp computer science bibliography, http://dblp.org}
}


@inproceedings{DBLP:conf/hpca/WangZLZYHGJSZZLZLQ14,
  noauthor    = {Lei Wang and
               Jianfeng Zhan and
               Chunjie Luo and
               Yuqing Zhu and
               Qiang Yang and
               Yongqiang He and
               Wanling Gao and
               Zhen Jia and
               Yingjie Shi and
               Shujie Zhang and
               Chen Zheng and
               Gang Lu and
               Kent Zhan and
               Xiaona Li and
               Bizhu Qiu},
  author    = {Lei {Wang et al.}},
  title     = {{BigDataBench}: {A} {B}ig {D}ata benchmark suite from internet services},
  NObooktitle = {20th {IEEE} International Symposium on High Performance Computer Architecture,
               {HPCA} 2014, Orlando, FL, USA, February 15-19, 2014},
  booktitle = {{HPCA}},
  pages     = {488--499},
  year      = {2014},
  NOcrossref  = {DBLP:conf/hpca/2014},
  NOurl       = {http://dx.doi.org/10.1109/HPCA.2014.6835958},
  NOdoi       = {10.1109/HPCA.2014.6835958},
  timestamp = {Tue, 07 Oct 2014 17:26:19 +0200},
  biburl    = {http://dblp.uni-trier.de/rec/bib/conf/hpca/WangZLZYHGJSZZLZLQ14},
  bibsource = {dblp computer science bibliography, http://dblp.org}
}

@inproceedings{DBLP:conf/wbdb/MingLGHYWZ13,
  noauthor    = {Zijian Ming and
               Chunjie Luo and
               Wanling Gao and
               Rui Han and
               Qiang Yang and
               Lei Wang and
               Jianfeng Zhan},
  author    = {Zijian {Ming et al.}},
  title     = {{BDGS:} {A} Scalable Big Data Generator Suite in Big Data Benchmarking},
  NObooktitle = {Advancing Big Data Benchmarks - Proceedings of the 2013 Workshop Series
               on Big Data Benchmarking, WBDB.cn, Xi'an, China, July 16-17, 2013
               and WBDB.us, San Jos{\'{e}}, CA, USA, October 9-10, 2013 Revised
               Selected Papers},
  booktitle = {{WBDB}},
  pages     = {138--154},
  year      = {2013},
  NOcrossref  = {DBLP:conf/wbdb/2013},
  NOurl       = {http://dx.doi.org/10.1007/978-3-319-10596-3_11},
  NOdoi       = {10.1007/978-3-319-10596-3_11},
  timestamp = {Fri, 08 Jan 2016 17:51:29 +0100},
  biburl    = {http://dblp.uni-trier.de/rec/bib/conf/wbdb/MingLGHYWZ13},
  bibsource = {dblp computer science bibliography, http://dblp.org}
}


@inproceedings{DBLP:conf/icde/CiglanAH12,
  noauthor    = {Marek Ciglan and
               Alex Averbuch and
               Ladislav Hluch{\'{y}}},
  author    = {Marek {Ciglan et al.}},
  title     = {Benchmarking Traversal Operations over Graph Databases},
  NObooktitle = {Workshops Proceedings of the {IEEE} 28th International Conference
               on Data Engineering, {ICDE} 2012, Arlington, VA, USA, April 1-5, 2012},
  booktitle = {ICDE},
  pages     = {186--189},
  year      = {2012},
  NOcrossref  = {DBLP:conf/icde/2012w},
  NOurl       = {http://dx.doi.org/10.1109/ICDEW.2012.47},
  NOdoi       = {10.1109/ICDEW.2012.47},
  timestamp = {Sat, 09 Aug 2014 14:37:14 +0200},
  biburl    = {http://dblp.uni-trier.de/rec/bib/conf/icde/CiglanAH12},
  bibsource = {dblp computer science bibliography, http://dblp.org}
}



@inproceedings{DBLP:conf/sc/NaiXTKL15,
  noauthor    = {Lifeng Nai and
               Yinglong Xia and
               Ilie Gabriel Tanase and
               Hyesoon Kim and
               Ching{-}Yung Lin},
  author    = {Lifeng {Nai et al.}},
  title     = {{GraphBIG}: understanding graph computing in the context of industrial
               solutions},
  NObooktitle = {Proceedings of the International Conference for High Performance Computing,
               Networking, Storage and Analysis, {SC} 2015, Austin, TX, USA, November
               15-20, 2015},
  booktitle = {{SC}},
  pages     = {69:1--69:12},
  year      = {2015},
  NOcrossref  = {DBLP:conf/sc/2015},
  NOurl       = {http://doi.acm.org/10.1145/2807591.2807626},
  NOdoi       = {10.1145/2807591.2807626},
  timestamp = {Tue, 03 Nov 2015 13:08:57 +0100},
  biburl    = {http://dblp.uni-trier.de/rec/bib/conf/sc/NaiXTKL15},
  bibsource = {dblp computer science bibliography, http://dblp.org}
}


@inproceedings{DBLP:conf/bigdataconf/ElserM13,
  author    = {Benedikt Elser and
               Alberto Montresor},
  title     = {An evaluation study of {BigData} frameworks for graph processing},
  NObooktitle = {Proceedings of the 2013 {IEEE} International Conference on Big Data,
               6-9 October 2013, Santa Clara, CA, {USA}},
  booktitle = {{Big Data}},
  pages     = {60--67},
  year      = {2013},
  NOcrossref  = {DBLP:conf/bigdataconf/2013},
  NOurl       = {http://dx.doi.org/10.1109/BigData.2013.6691555},
  NOdoi       = {10.1109/BigData.2013.6691555},
  timestamp = {Fri, 02 Oct 2015 13:50:42 +0200},
  biburl    = {http://dblp.uni-trier.de/rec/bib/conf/bigdataconf/ElserM13},
  bibsource = {dblp computer science bibliography, http://dblp.org}
}

@inproceedings{DBLP:conf/wbdb/AmmarO13,
  author    = {Khaled Ammar and
               M. Tamer {\"{O}}zsu},
  title     = {{WGB:} Towards a Universal Graph Benchmark},
  NObooktitle = {Advancing Big Data Benchmarks - Proceedings of the 2013 Workshop Series
               on Big Data Benchmarking, WBDB.cn, Xi'an, China, July 16-17, 2013
               and WBDB.us, San Jos{\'{e}}, CA, USA, October 9-10, 2013 Revised
               Selected Papers},
	booktitle = {WBDB},
  pages     = {58--72},
  year      = {2013},
  NOcrossref  = {DBLP:conf/wbdb/2013},
  NOurl       = {http://dx.doi.org/10.1007/978-3-319-10596-3_6},
  NOdoi       = {10.1007/978-3-319-10596-3_6},
  timestamp = {Sun, 11 Jan 2015 11:28:10 +0100},
  biburl    = {http://dblp.uni-trier.de/rec/bib/conf/wbdb/AmmarO13},
  bibsource = {dblp computer science bibliography, http://dblp.org}
}

@article{DBLP:journals/pvldb/HanDAOWJ14,
  noauthor    = {Minyang Han and
               Khuzaima Daudjee and
               Khaled Ammar and
               M. Tamer {\"{O}}zsu and
               Xingfang Wang and
               Tianqi Jin},
  author    = {Minyang {Han et al.}},
  title     = {An Experimental Comparison of {P}regel-like Graph Processing Systems},
  journal   = {{PVLDB}},
  volume    = {7},
  number    = {12},
  pages     = {1047--1058},
  year      = {2014},
  NOurl       = {http://www.vldb.org/pvldb/vol7/p1047-han.pdf},
  timestamp = {Thu, 07 Aug 2014 13:57:10 +0200},
  biburl    = {http://dblp.uni-trier.de/rec/bib/journals/pvldb/HanDAOWJ14},
  bibsource = {dblp computer science bibliography, http://dblp.org}
}

@inproceedings{DBLP:conf/hipc/BaderM05,
	Author = {David Bader and Kamesh Madduri},
	Bibsource = {dblp computer science bibliography, http://dblp.org},
	Biburl = {http://dblp.uni-trier.de/rec/bib/conf/hipc/BaderM05},
	NOBooktitle = {High Performance Computing - HiPC 2005, 12th International Conference, Goa, India, December 18-21, 2005, Proceedings},
	Booktitle = {HiPC},
	Nocrossref = {DBLP:conf/hipc/2005},
	Nodoi = {10.1007/11602569_48},
	Nourl = {http://dx.doi.org/10.1007/11602569_48},
	pages = {465--476},
	Timestamp = {Tue, 19 Dec 2006 15:20:13 +0100},
	Title = {Design and Implementation of the {HPCS} Graph Analysis Benchmark on Symmetric Multiprocessors},
	Year = {2005}}
	
@misc{hoefler-greengraph500-isc14,
  author={T. Hoefler},
  title={{The Green Graph500 List}},
  year={2014},
  month={Jun.},
  location={Leipzig, Germany},
  source={http://www.unixer.de/~htor/publications/},
}

@article{DBLP:journals/ibmrd/ChecconiP13,
  author    = {Fabio Checconi and
               Fabrizio Petrini},
  title     = {Massive data analytics: The Graph 500 on {IBM} Blue Gene/Q},
  journal   = {{IBM} Journal of Research and Development},
  volume    = {57},
  number    = {1/2},
  pages     = {10},
  year      = {2013},
  url       = {http://dx.doi.org/10.1147/JRD.2012.2232414},
  doi       = {10.1147/JRD.2012.2232414},
  timestamp = {Fri, 23 Aug 2013 14:49:39 +0200},
  biburl    = {http://dblp.uni-trier.de/rec/bib/journals/ibmrd/ChecconiP13},
  bibsource = {dblp computer science bibliography, http://dblp.org}
}

@inproceedings{DBLP:conf/sigmod/CapotaHIPEB14,
	NoAuthor = {Mihai Capota and Tim Hegeman and Alexandru Iosup and Arnau Prat{-}P{\'{e}}rez and Orri Erling and Peter A. Boncz},
	Author = {Mihai {Capota et al.}},
	Bibsource = {dblp computer science bibliography, http://dblp.org},
	Biburl = {http://dblp.uni-trier.de/rec/bib/conf/sigmod/CapotaHIPEB14},
	NOBooktitle = {Proceedings of the Third International Workshop on Graph Data Management Experiences and Systems, {GRADES} 2015, Melbourne, VIC, Australia, May 31 - June 4, 2015},
	Booktitle = {{GRADES}},
	Nocrossref = {DBLP:conf/sigmod/2015grades},
	Nodoi = {10.1145/2764947.2764954},
	Nourl = {http://doi.acm.org/10.1145/2764947.2764954},
	pages = {7:1--7:6},
	Timestamp = {Tue, 21 Jul 2015 19:26:20 +0200},
	Title = {Graphalytics: {A} Big Data Benchmark for Graph-Processing Platforms},
	Year = {2015}}
	
@article{DBLP:journals/pvldb/IosupHNHPMCCSATXNB16,
  author    = {Alexandru Iosup and 
	             Tim Hegeman and
							 Wing Lung Ngai and 
							 Stijn Heldens and
							 Arnau Prat-P\'{e}rez and 
							 Thomas Manhardt and 
							 Hassan Chafi and 
							 Mihai Capot\u{a} and
							 Narayanan Sundaram and 
							 Michael Anderson and 
							 Ilie Gabriel T\u{a}nase and
							 Yinglong Xia and
							 Lifeng Nai and
							 Peter Boncz},
  title     = {{LDBC Graphalytics}: {A} Benchmark for Large-Scale Graph Analysis on Parallel and Distributed Platforms},
  journal   = {{PVLDB}},
  volume    = {9},
  number    = {13},
  pages     = {1--12},
  year      = {2016}
}
	
@inproceedings{DBLP:conf/ccgrid/GuoVIE15,
  noauthor    = {Yong Guo and
               Ana Lucia Varbanescu and
               Alexandru Iosup and
               Dick H. J. Epema},
  author    = {Yong {Guo et al.}},
  title     = {An Empirical Performance Evaluation of {GPU}-Enabled Graph-Processing
               Systems},
  NObooktitle = {15th {IEEE/ACM} International Symposium on Cluster, Cloud and Grid
               Computing, CCGrid 2015, Shenzhen, China, May 4-7, 2015},
  booktitle = {{CCGrid}},
	pages     = {423--432},
  year      = {2015},
  NOcrossref  = {DBLP:conf/ccgrid/2015},
  NOurl       = {http://dx.doi.org/10.1109/CCGrid.2015.20},
  NOdoi       = {10.1109/CCGrid.2015.20},
  timestamp = {Wed, 20 Jan 2016 09:35:28 +0100},
  biburl    = {http://dblp.uni-trier.de/rec/bib/conf/ccgrid/GuoVIE15},
  bibsource = {dblp computer science bibliography, http://dblp.org}
}

@inproceedings{DBLP:conf/wbdb/IosupCHGNVV14,
  noauthor    = {Alexandru Iosup and
               Mihai Capota and
               Tim Hegeman and
               Yong Guo and
               Wing Lung Ngai and
               Ana Lucia Varbanescu and
               Merijn Verstraaten},
  author    = {Alexandru {Iosup et al.}},
  title     = {Towards Benchmarking IaaS and PaaS Clouds for Graph Analytics},
  booktitle = {Big Data Benchmarking - 5th International Workshop, {WBDB} 2014, Potsdam,
               Germany, August 5-6, 2014, Revised Selected Papers},
  pages     = {109--131},
  year      = {2014},
  NOcrossref  = {DBLP:conf/wbdb/2014},
  NOurl       = {http://dx.doi.org/10.1007/978-3-319-20233-4_11},
  NOdoi       = {10.1007/978-3-319-20233-4_11},
  timestamp = {Thu, 03 Sep 2015 11:21:30 +0200},
  biburl    = {http://dblp.uni-trier.de/rec/bib/conf/wbdb/IosupCHGNVV14},
  bibsource = {dblp computer science bibliography, http://dblp.org}
}

@inproceedings{DBLP:conf/ipps/GuoBVIMW14,
  noauthor    = {Yong Guo and
               Marcin Biczak and
               Ana Varbanescu and
               Alexandru Iosup and
               Claudio Martella and
               Theodore Willke},
  author    = {Yong {Guo et al.}},
  notitle     = {How Well Do Graph-Processing Platforms Perform? An Empirical Performance},
  title     = {How Well Do Graph-Processing Platforms Perform?},
  NObooktitle = {2014 {IEEE} 28th International Parallel and Distributed Processing
               Symposium, Phoenix, AZ, USA, May 19-23, 2014},
  booktitle = {{IPDPS}},
  pages     = {395--404},
  year      = {2014},
  NOcrossref  = {DBLP:conf/ipps/2014},
  NOurl       = {http://dx.doi.org/10.1109/IPDPS.2014.49},
  NOdoi       = {10.1109/IPDPS.2014.49},
  timestamp = {Thu, 23 Jul 2015 17:27:32 +0200},
  biburl    = {http://dblp.uni-trier.de/rec/bib/conf/ipps/GuoBVIMW14},
  bibsource = {dblp computer science bibliography, http://dblp.org}
}



	

@article{raghavan2007near,
  title={Near linear time algorithm to detect community structures in large-scale networks},
  noauthor={Raghavan, Usha and Albert, R{\'e}ka and Kumara, Soundar},
  author={Usha {Raghavan et al}},
  journal={Physical Review E},
  volume={76},
  number={3},
  pages={036106},
  year={2007},
  publisher={APS}
}


@inproceedings{DBLP:conf/asplos/FerdmanAKVAJKPAF12,
  noauthor    = {Michael Ferdman and
               Almutaz Adileh and
               Yusuf Kocberber and
               Stavros Volos and
               Mohammad Alisafaee and
               Djordje Jevdjic and
               Cansu Kaynak and
               Adrian Popescu and
               Anastasia Ailamaki and
               Babak Falsafi},
  author    = {Michael {Ferdman et al.}},
  title     = {Clearing the clouds: {A} study of emerging scaleout workloads on modern
               hardware},
  NObooktitle = {Proceedings of the 17th International Conference on Architectural
               Support for Programming Languages and Operating Systems, {ASPLOS}
               2012, London, UK, March 3-7, 2012},
  booktitle = {{ASPLOS}},
	pages     = {37--48},
  year      = {2012},
  NOcrossref  = {DBLP:conf/asplos/2012},
  NOurl       = {http://doi.acm.org/10.1145/2150976.2150982},
  NOdoi       = {10.1145/2150976.2150982},
  timestamp = {Tue, 07 Apr 2015 18:52:40 +0200},
  biburl    = {http://dblp.uni-trier.de/rec/bib/conf/asplos/FerdmanAKVAJKPAF12},
  bibsource = {dblp computer science bibliography, http://dblp.org}
}

@inproceedings{conf/icpe/EisenmanCMCFK16,
  noauthor    = {Assaf Eisenman and
	             Ludmila Cherkasova and
							 Guilherme Magalhaes and
							 Qiong Cai and
							 Paolo Faraboschi and
							 Sachin Katti},
  author    = {Assaf {Eisenman et al.}},
  title     = {Parallel Graph Processing: Prejudice and State of the Art},
  NObooktitle = {Proceedings of the 7th International Conference on Performance Engineering, {ICPE}
               2016, Delft, the Netherlands, March 12-16, 2016},
	booktitle = {{ICPE}},
  year      = {2016}
}


@article{DBLP:journals/pvldb/LuCYW14,
  noauthor    = {Yi Lu and
               James Cheng and
               Da Yan and
               Huanhuan Wu},
  author    = {Yi {Lu et al.}},
  title     = {Large-Scale Distributed Graph Computing Systems: {A}n Experimental Evaluation},
  journal   = {{PVLDB}},
  volume    = {8},
  number    = {3},
  pages     = {281--292},
  year      = {2014},
  url       = {http://www.vldb.org/pvldb/vol8/p281-lu.pdf},
  timestamp = {Wed, 17 Dec 2014 13:30:13 +0100},
  biburl    = {http://dblp.uni-trier.de/rec/bib/journals/pvldb/LuCYW14},
  bibsource = {dblp computer science bibliography, http://dblp.org}
}


@inproceedings{DBLP:conf/sigmod/SatishSPSPHSYD14,
  noauthor    = {Nadathur Satish and
               Narayanan Sundaram and
               Mostofa Patwary and
               Jiwon Seo and
               Jongsoo Park and
               M. Amber Hassaan and
               Shubho Sengupta and
               Zhaoming Yin and
               Pradeep Dubey},
  author    = {Nadathur {Satish et al.}},
  title     = {Navigating the maze of graph analytics frameworks using massive 
               datasets},
  NObooktitle = {International Conference on Management of Data, {SIGMOD} 2014, Snowbird,
               UT, USA, June 22-27, 2014},
  booktitle = {{SIGMOD}},
	pages     = {979--990},
  year      = {2014},
  NOcrossref  = {DBLP:conf/sigmod/2014},
  NOurl       = {http://doi.acm.org/10.1145/2588555.2610518},
  NOdoi       = {10.1145/2588555.2610518},
  timestamp = {Sun, 22 Jun 2014 11:31:11 +0200},
  biburl    = {http://dblp.uni-trier.de/rec/bib/conf/sigmod/SatishSPSPHSYD14},
  bibsource = {dblp computer science bibliography, http://dblp.org}
}

@inproceedings{DBLP:conf/sc/HongDMLVC15,
  noauthor    = {Sungpack Hong and
               Siegfried Depner and
               Thomas Manhardt and
               Jan {Van Der Lugt} and
               Merijn Verstraaten and
               Hassan Chafi},
  author    = {Sungpack {Hong et al.}},
  title     = {{PGX.D:} {A} fast distributed graph processing engine},
  NObooktitle = {Proceedings of the International Conference for High Performance Computing,
               Networking, Storage and Analysis, {SC} 2015, Austin, TX, USA, November
               15-20, 2015},
  booktitle = {{SC}},
	pages     = {58:1--58:12},
  year      = {2015},
  NOcrossref  = {DBLP:conf/sc/2015},
  NOurl       = {http://doi.acm.org/10.1145/2807591.2807620},
  NOdoi       = {10.1145/2807591.2807620},
  timestamp = {Tue, 03 Nov 2015 13:08:57 +0100},
  biburl    = {http://dblp.uni-trier.de/rec/bib/conf/sc/HongDMLVC15},
  bibsource = {dblp computer science bibliography, http://dblp.org}
}
@inproceedings{gonzalez2012powergraph,
  title={{PowerGraph}: Distributed graph parallel computation on natural graphs},
  noauthor={Gonzalez, Joseph E. and Low, Yucheng and Gu, Haijie and Bickson, Danny and Guestrin, Carlos},
  author={Joseph E. {Gonzalez et al.}},
  NObooktitle={Presented as part of the 10th USENIX Symposium on Operating Systems Design and Implementation (OSDI 12)},
	booktitle = {{OSDI}},
  pages={17--30},
  year={2012}
}

@article{DBLP:journals/ase/DayarathnaS14,
  author    = {Miyuru Dayarathna and
               Toyotaro Suzumura},
  noauthor    = {Miyuru {Dayarathna et al.}},
  title     = {Graph database benchmarking on cloud environments with {XGDBench}},
  journal   = {Autom. Softw. Eng.},
  volume    = {21},
  number    = {4},
  pages     = {509--533},
  year      = {2014},
  url       = {http://dx.doi.org/10.1007/s10515-013-0138-7},
  doi       = {10.1007/s10515-013-0138-7},
  timestamp = {Tue, 07 Oct 2014 15:25:10 +0200},
  biburl    = {http://dblp.uni-trier.de/rec/bib/journals/ase/DayarathnaS14},
  bibsource = {dblp computer science bibliography, http://dblp.org}
}

@inproceedings{DBLP:conf/sigmod/ArmstrongPBC13,
  noauthor    = {Timothy Armstrong and
               Vamsi Ponnekanti and
               Dhruba Borthakur and
               Mark Callaghan},
  author    = {Timothy {Armstrong et al.}},
  title     = {{LinkBench:} {A} database benchmark based on the {F}acebook social graph},
  NObooktitle = {Proceedings of the {ACM} {SIGMOD} International Conference on Management
               of Data, {SIGMOD} 2013, New York, NY, USA, June 22-27, 2013},
  booktitle = {{SIGMOD}},
	pages     = {1185--1196},
  year      = {2013},
  NOcrossref  = {DBLP:conf/sigmod/2013},
  NOurl       = {http://doi.acm.org/10.1145/2463676.2465296},
  NOdoi       = {10.1145/2463676.2465296},
  timestamp = {Wed, 26 Jun 2013 09:37:17 +0200},
  biburl    = {http://dblp.uni-trier.de/rec/bib/conf/sigmod/ArmstrongPBC13},
  bibsource = {dblp computer science bibliography, http://dblp.org}
}


@inproceedings{DBLP:conf/sigmod/ErlingALCGPPB15,
  noauthor    = {Orri Erling and
               Alex Averbuch and
               Josep{-}Lluis Larriba{-}Pey and
               Hassan Chafi and
               Andrey Gubichev and
               Arnau Prat{-}P{\'{e}}rez and
               Minh{-}Duc Pham and
               Peter A. Boncz},
  author    = {Orri {Erling et al.}},
  title     = {The {LDBC} {S}ocial {N}etwork {B}enchmark: {I}nteractive Workload},
  NObooktitle = {Proceedings of the 2015 {ACM} {SIGMOD} International Conference on
               Management of Data, Melbourne, Victoria, Australia, May 31 - June
               4, 2015},
  booktitle = {{SIGMOD}},
	pages     = {619--630},
  year      = {2015},
  NOcrossref  = {DBLP:conf/sigmod/2015},
  NOurl       = {http://doi.acm.org/10.1145/2723372.2742786},
  NOdoi       = {10.1145/2723372.2742786},
  timestamp = {Thu, 12 Nov 2015 16:33:38 +0100},
  biburl    = {http://dblp.uni-trier.de/rec/bib/conf/sigmod/ErlingALCGPPB15},
  bibsource = {dblp computer science bibliography, http://dblp.org}
}

@inproceedings{DBLP:conf/semweb/AlucHOD14,
  noauthor    = {G{\"{u}}nes Alu{\c{c}} and
               Olaf Hartig and
               M. Tamer {\"{O}}zsu and
               Khuzaima Daudjee},
  author    = {G{\"{u}}nes {Alu{\c{c}} et al.}},
  title     = {Diversified Stress Testing of {RDF} Data Management Systems},
  NObooktitle = {The Semantic Web - {ISWC} 2014 - 13th International Semantic Web Conference,
               Riva del Garda, Italy, October 19-23, 2014. Proceedings, Part {I}},
  booktitle = {{ISWC}},
	pages     = {197--212},
  year      = {2014},
  NOcrossref  = {DBLP:conf/semweb/2014-1},
  NOurl       = {http://dx.doi.org/10.1007/978-3-319-11964-9_13},
  NOdoi       = {10.1007/978-3-319-11964-9_13},
  timestamp = {Fri, 10 Oct 2014 14:01:06 +0200},
  biburl    = {http://dblp.uni-trier.de/rec/bib/conf/semweb/AlucHOD14},
  bibsource = {dblp computer science bibliography, http://dblp.org}
}

@article{DBLP:journals/ws/GuoPH05,
  noauthor    = {Yuanbo Guo and
               Zhengxiang Pan and
               Jeff Heflin},
  author    = {Yuanbo {Guo et al.}},
  title     = {{LUBM:} {A} benchmark for {OWL} knowledge base systems},
  journal   = {J. Web Semant.},
  volume    = {3},
  number    = {2-3},
  pages     = {158--182},
  year      = {2005},
  NOurl       = {http://dx.doi.org/10.1016/j.websem.2005.06.005},
  NOdoi       = {10.1016/j.websem.2005.06.005},
  timestamp = {Tue, 04 Jul 2006 15:06:05 +0200},
  biburl    = {http://dblp.uni-trier.de/rec/bib/journals/ws/GuoPH05},
  bibsource = {dblp computer science bibliography, http://dblp.org}
}

@article{DBLP:journals/ijswis/BizerS09,
  author    = {Christian Bizer and
               Andreas Schultz},
  title     = {The {Berlin} {SPARQL} Benchmark},
  journal   = {Int. J. Semantic Web Inf. Syst.},
  volume    = {5},
  number    = {2},
  pages     = {1--24},
  year      = {2009},
  url       = {http://dx.doi.org/10.4018/jswis.2009040101},
  doi       = {10.4018/jswis.2009040101},
  timestamp = {Fri, 09 Nov 2012 14:42:10 +0100},
  biburl    = {http://dblp.uni-trier.de/rec/bib/journals/ijswis/BizerS09},
  bibsource = {dblp computer science bibliography, http://dblp.org}
}

@inproceedings{DBLP:conf/icde/SchmidtHLP09,
  author    = {Michael {Schmidt et al}},
  noauthor    = {Michael Schmidt and
               Thomas Hornung and
               Georg Lausen and
               Christoph Pinkel},
  title     = {{SP2Bench}: {A} {SPARQL} Performance Benchmark},
  NObooktitle = {Proceedings of the 25th International Conference on Data Engineering,
               {ICDE} 2009, March 29 2009 - April 2 2009, Shanghai, China},
  booktitle = {{ICDE}},
	pages     = {222--233},
  year      = {2009},
  NOcrossref  = {DBLP:conf/icde/2009},
  NOurl       = {http://dx.doi.org/10.1109/ICDE.2009.28},
  NOdoi       = {10.1109/ICDE.2009.28},
  timestamp = {Thu, 22 Oct 2015 14:02:54 +0200},
  biburl    = {http://dblp.uni-trier.de/rec/bib/conf/icde/SchmidtHLP09},
  bibsource = {dblp computer science bibliography, http://dblp.org}
}


	


@article{sundaram2015graphmat,
  title={{GraphMat}: {H}igh performance graph analytics made productive},
  noauthor={Sundaram, Narayanan and Satish, Nadathur and Patwary, Md Mostofa Ali and Dulloor, Subramanya R and Anderson, Michael J and Vadlamudi, Satya Gautam and Das, Dipankar and Dubey, Pradeep},
  author={Narayanan {Sundaram et al.}},
  NOjournal={Proceedings of the VLDB Endowment},
	journal={{PVLDB}},
  volume={8},
  number={11},
  pages={1214--1225},
  year={2015},
  NOpublisher={VLDB Endowment}
}

@inproceedings{xin2013graphx,
  title={{GraphX}: {A} resilient distributed graph system on {Spark}},
  noauthor={Xin, Reynold and Gonzalez, Joseph and Franklin, Michael and Stoica, Ioan},
  author={Reynold {Xin et al.}},
  booktitle={{GRADES}},
  pages={2},
  year={2013}
}


@inproceedings{DBLP:conf/sigmod/MalewiczABDHLC10,
  noauthor    = {Grzegorz Malewicz and
               Matthew H. Austern and
               Aart J. C. Bik and
               James C. Dehnert and
               Ilan Horn and
               Naty Leiser and
               Grzegorz Czajkowski},
  author    = {Grzegorz {Malewicz et al.}},
  title     = {Pregel: {A} system for large-scale graph processing},
  NObooktitle = {Proceedings of the {ACM} {SIGMOD} International Conference on Management
               of Data, {SIGMOD} 2010, Indianapolis, Indiana, USA, June 6-10, 2010},
  booktitle = {{SIGMOD}},
	pages     = {135--146},
  year      = {2010},
  NOcrossref  = {DBLP:conf/sigmod/2010},
  NOurl       = {http://doi.acm.org/10.1145/1807167.1807184},
  NOdoi       = {10.1145/1807167.1807184},
  timestamp = {Mon, 07 Jun 2010 08:03:40 +0200},
  biburl    = {http://dblp.uni-trier.de/rec/bib/conf/sigmod/MalewiczABDHLC10},
  bibsource = {dblp computer science bibliography, http://dblp.org}
}

@article{DBLP:journals/ijhpca/BasneyL99,
  author    = {Jim Basney and
               Miron Livny},
  title     = {Improving Goodput by Coscheduling {CPU} and Network Capacity},
  journal   = {{IJHPCA}},
  volume    = {13},
  number    = {3},
  pages     = {220--230},
  year      = {1999},
  url       = {http://dx.doi.org/10.1177/109434209901300305},
  doi       = {10.1177/109434209901300305},
  timestamp = {Mon, 03 Nov 2014 16:51:44 +0100},
  biburl    = {http://dblp.uni-trier.de/rec/bib/journals/ijhpca/BasneyL99},
  bibsource = {dblp computer science bibliography, http://dblp.org}
}

@article{DBLP:journals/jpdc/JavadiKIE13,
  noauthor    = {Bahman Javadi and
               Derrick Kondo and
               Alexandru Iosup and
               Dick H. J. Epema},
  author    = {Bahman {Javadi et al.}},
  title     = {The Failure Trace Archive: Enabling the comparison of failure measurements
               and models of distributed systems},
  journal   = {J. Parallel Distrib. Comput.},
  volume    = {73},
  number    = {8},
  pages     = {1208--1223},
  year      = {2013},
  url       = {http://dx.doi.org/10.1016/j.jpdc.2013.04.002},
  doi       = {10.1016/j.jpdc.2013.04.002},
  timestamp = {Sun, 30 Jun 2013 20:24:56 +0200},
  biburl    = {http://dblp.uni-trier.de/rec/bib/journals/jpdc/JavadiKIE13},
  bibsource = {dblp computer science bibliography, http://dblp.org}
}

@inproceedings{DBLP:conf/ccgrid/IosupYE11,
  noauthor    = {Alexandru Iosup and
               Nezih Yigitbasi and
               Dick H. J. Epema},
  author    = {Alexandru {Iosup et al.}},
  title     = {On the Performance Variability of Production Cloud Services},
  NObooktitle = {11th {IEEE/ACM} International Symposium on Cluster, Cloud and Grid
               Computing, CCGrid 2011, Newport Beach, CA, USA, May 23-26, 2011},
  booktitle = {{CCGRID}},
	pages     = {104--113},
  year      = {2011},
  NOcrossref  = {DBLP:conf/ccgrid/2011},
  NOurl       = {http://dx.doi.org/10.1109/CCGrid.2011.22},
  NOdoi       = {10.1109/CCGrid.2011.22},
  timestamp = {Wed, 20 Jan 2016 09:35:29 +0100},
  biburl    = {http://dblp.uni-trier.de/rec/bib/conf/ccgrid/IosupYE11},
  bibsource = {dblp computer science bibliography, http://dblp.org}
}

@inproceedings{DBLP:conf/hpdc/ZotkinK99,
  author    = {Dmitry N. Zotkin and
               Peter J. Keleher},
  title     = {Job-Length Estimation and Performance in Backfilling Schedulers},
  NObooktitle = {Proceedings of the Eighth {IEEE} International Symposium on High Performance
               Distributed Computing, HPDC'99, Redondo Beach, California, USA, August
               3-6, 1999.},
  booktitle = {{HPDC}},
	pages     = {236--243},
  year      = {1999},
  NOcrossref  = {DBLP:conf/hpdc/1999},
  NOurl       = {http://dx.doi.org/10.1109/HPDC.1999.805303},
  NOdoi       = {10.1109/HPDC.1999.805303},
  timestamp = {Thu, 07 Aug 2014 20:35:57 +0200},
  biburl    = {http://dblp.uni-trier.de/rec/bib/conf/hpdc/ZotkinK99},
  bibsource = {dblp computer science bibliography, http://dblp.org}
}

@misc{das5,
  noauthor={Advanced School for Computing and Imaging},
  title={{DAS-5: Distributed ASCI Supercomputer 5}},
  howpublished={\url{http://cs.vu.nl/das5}},
  noyear={2015}
}

@article{page1999pagerank,
  title={The {PageRank} citation ranking: {Bringing} order to the {Web}.},
  noauthor={Page, Lawrence and Brin, Sergey and Motwani, Rajeev and Winograd, Terry},
  author={Lawrence {Page et al.}},
  year={1999},
  publisher={Stanford InfoLab}
}

@inproceedings{fan2015case,
  title={The Case Against Specialized Graph Analytics Engines.},
  noauthor={Fan, Jing and Raj, Adalbert and Patel, Jignesh M},
  author={Jing {Fan et al}},
  booktitle={{CIDR}},
  year={2015}
}

@article{jindal2014vertexica,
  title={Vertexica: {Your} relational friend for graph analytics!},
  author={Alekh {Jindal et al}},
  journal={PVLDB},
  volume={7},
  number={13},
  year={2014},
  pages={1669--1672},
}

@INPROCEEDINGS{Ande1605:GraphPad,
        noAUTHOR="Michael Anderson and Narayanan Sundaram and Nadathur Satish and Mostofa Patwary and Theodore Willke and Pradeep Dubey",
		author={Michael {Anderson et al}},
        TITLE="{GraphPad:} Optimized Graph Primitives for Parallel and Distr. Platforms",
        BOOKTITLE="IPDPS",
        YEAR=2016,
        KEYWORDS="spgemm; graph analytics",
}

@misc{snapnets,
  noauthor       = {Jure Leskovec and Andrej Krevl},
  title        = {{SNAP Datasets}: {Stanford} Large Network Dataset Collection},
  howpublished = {\url{http://snap.stanford.edu/data}},
  nomonth        = jun,
  noyear         = 2014
}

@inproceedings{guo2012game,
  title={The game trace archive},
  author={Guo, Yong and Iosup, Alexandru},
  booktitle={{NETGAMES}},
  nobooktitle={Proceedings of the 11th Annual Workshop on Network and Systems Support for Games},
  pages={4},
  year={2012},
  organization={IEEE Press}
}

@inproceedings{icwsm10cha,
  noauthor = {Meeyoung Cha and Hamed Haddadi and Fabricio Benevenuto and Krishna P. Gummadi},
  author = {Meeyoung {Cha et al.}},
  title = {{Measuring User Influence in Twitter: The Million Follower Fallacy}},
  booktitle = {{ICWSM}},
  pages={30},
  year = {2010},
}

@MastersThesis{ngai2015fine,
	author={Wing Lung Ngai},
	title={{Fine-grained Performance Evaluation of Large-scale Graph Processing Systems}},
	school={Delft University of Technology},
	address={the Netherlands},
	year={2015},
}

@techreport{techrep,
        author          = {Iosup, et al., Alexandru},
        title           = {{LDBC Graphalytics}: {A} Benchmark for Large-Scale Graph Analysis on Parallel and Distributed Platforms},
        institution     = {Delft University of Technology},
        year            = {2016},
        number          = {DS-2016-001},
        note            = {\url{http://ds.ewi.tudelft.nl/research-publications/technical-reports/2016/}}
}

@misc{pgx,
  noauthor       = {Oracle},
  title        = {{Oracle Labs PGX: Parallel Graph Analytics Overview}},
  howpublished = {\url{http://oracle.com/technetwork/oracle-labs/parallel-graph-analytics}},
  nomonth        = may,
  noyear         = 2016
}

@misc{giraph,
  noauthor       = {Giraph},
  title        = {{Apache Giraph}},
  howpublished = {\url{http://giraph.apache.org}},
  nomonth        = may,
  noyear         = 2016
}

@misc{oracle-spatial,
	title =        {{Oracle Big Data Spatial and Graph}},
	howpublished = {\url{http://oracle.com/ database/big-data-spatial-and-graph}}
}

@inproceedings{DBLP:conf/sc/HoeflerB15,
  author    = {Torsten Hoefler and
               Roberto Belli},
  title     = {Scientific benchmarking of parallel computing systems: {T}welve ways
               to tell the masses when reporting performance results},
  NObooktitle = {Proceedings of the International Conference for High Performance Computing,
               Networking, Storage and Analysis, {SC} 2015, Austin, TX, USA, November
               15-20, 2015},
  booktitle = {{SC}},
  pages     = {73:1--73:12},
  year      = {2015},
  NOcrossref  = {DBLP:conf/sc/2015},
  url       = {http://doi.acm.org/10.1145/2807591.2807644},
  doi       = {10.1145/2807591.2807644},
  timestamp = {Tue, 03 Nov 2015 13:08:57 +0100},
  biburl    = {http://dblp.uni-trier.de/rec/bib/conf/sc/HoeflerB15},
  bibsource = {dblp computer science bibliography, http://dblp.org}
}


@inproceedings{DBLP:conf/grades/NgaiHHI17,
	author    = {Wing Lung Ngai and
	Tim Hegeman and
	Stijn Heldens and
	Alexandru Iosup},
	title     = {Granula: {T}oward Fine-grained Performance Analysis of Large-scale Graph Processing Platforms},
	booktitle = {GRADES@SIGMOD},
	pages     = {8:1--8:6},
	publisher = {{ACM}},
	year      = {2017},
	url       = {https://doi.org/10.1145/3078447.3078455},
	doi       = {10.1145/3078447.3078455},
	timestamp = {Tue, 06 Nov 2018 16:58:01 +0100},
	biburl    = {https://dblp.org/rec/bib/conf/grades/NgaiHHI17},
	bibsource = {dblp computer science bibliography, https://dblp.org}
}


@inproceedings{David1960,
  title={The Method of Paired Comparisons},
  author={David, H. A.},
  booktitle={Fifth Conference on the Design of Experiments in Army Research Development and Testing},
  pages={1--17},
  year={1960},
  organization={US Army Office of Ordnance Research}
}

@ARTICLE{Thurstone1927,
	AUTHOR = {Thurstone, Louis Leon},
	TITLE = {Psychophysical Analysis},
	JOURNAL = {American Journal of Psychology},
	VOLUME = {38},
	pages = {368-89},
	YEAR = {1927}	}
	
@article{david1987ranking,
  title={{Ranking from unbalanced paired-comparison data}},
  author={David, Herbert A.},
  journal={Biometrika},
  volume={74},
  pages={432--436},
  year={1987}
} 	

@inproceedings{DBLP:conf/wosp/IlyushkinAHPGEI17,
  author    = {Alexey Ilyushkin and
               Ahmed Ali{-}Eldin and
               Nikolas Herbst and
               Alessandro Vittorio Papadopoulos and
               Bogdan Ghit and
               Dick H. J. Epema and
               Alexandru Iosup},
  title     = {An Experimental Performance Evaluation of Autoscaling Policies for
               Complex Workflows},
  NObooktitle = {Proceedings of the 8th {ACM/SPEC} on International Conference on Performance
               Engineering, {ICPE} 2017, L'Aquila, Italy, April 22-26, 2017},
  booktitle = {ICPE},
  pages     = {75--86},
  year      = {2017},
  NOcrossref  = {DBLP:conf/wosp/2017},
  url       = {http://doi.acm.org/10.1145/3030207.3030214},
  doi       = {10.1145/3030207.3030214},
  timestamp = {Sat, 22 Apr 2017 15:59:26 +0200},
  biburl    = {http://dblp.uni-trier.de/rec/bib/conf/wosp/IlyushkinAHPGEI17},
  bibsource = {dblp computer science bibliography, http://dblp.org}
}

@article{ldbc_byelaws,
  title={{Byelaws of the Linked Data Benchmark Council v1.1 (to be published)}},
  author={LDBC},
  year={2017}
}

@misc{tpc_pricing,
  title        = {{TPC Pricing-Standard Specification}},
  howpublished = {\url{http://www.tpc.org/tpc_documents_current_versions/pdf/tpc-pricing_v2.0.0.pdf}},
  nomonth        = June,
  noyear         = 2017
}

@inproceedings{DBLP:conf/grades/SzarnyasPAMPKEB18,
  author    = {G{\'{a}}bor Sz{\'{a}}rnyas and
               Arnau Prat{-}P{\'{e}}rez and
               Alex Averbuch and
               J{\'{o}}zsef Marton and
               Marcus Paradies and
               Moritz Kaufmann and
               Orri Erling and
               Peter A. Boncz and
               Vlad Haprian and
               J{\'{a}}nos Benjamin Antal},
  title     = {An early look at the {LDBC} {Social Network Benchmark's} {Business Intelligence} workload},
  booktitle = {GRADES-NDA at SIGMOD},
  pages     = {9:1--9:11},
  publisher = {{ACM}},
  year      = {2018},
  url       = {http://doi.acm.org/10.1145/3210259.3210268},
  doi       = {10.1145/3210259.3210268},
  timestamp = {Thu, 07 Jun 2018 08:09:17 +0200},
  biburl    = {https://dblp.org/rec/bib/conf/grades/SzarnyasPAMPKEB18},
  bibsource = {dblp computer science bibliography, https://dblp.org}
}

@book{graph_algorithms_book,
	author={Mark Needham and Amy E. Hodler},
	title={Graph Algorithms: {P}ractical Examples in {A}pache {S}park and {N}eo4j},
	url={https://neo4j.com/graph-algorithms-book/},
	publisher={O'Reilly Media},
	year={2019},
	isbn={9781492047681},
}

@book{GraphDatabases,
	author = {Ian Robinson and Jim Webber and Emil Eifr{\'{e}}m},
	title = {Graph Databases},
	url = {https://neo4j.com/graph-databases-book/},
	publisher = {O'Reilly Media},
	year = {2015},
	edition = {2nd},
	isbn = {9781491930892}
}

@inproceedings{DBLP:conf/hpec/Davis18,
	author    = {Timothy A. Davis},
	title     = {Graph algorithms via {SuiteSparse:GraphBLAS}: {T}riangle counting and {K}-truss},
	booktitle = {HPEC},
	pages     = {1--6},
	publisher = {{IEEE}},
	year      = {2018},
	url       = {https://doi.org/10.1109/HPEC.2018.8547538},
	doi       = {10.1109/HPEC.2018.8547538},
	timestamp = {Sun, 09 Dec 2018 19:58:46 +0100},
	biburl    = {https://dblp.org/rec/bib/conf/hpec/Davis18},
	bibsource = {dblp computer science bibliography, https://dblp.org}
}

@book{DBLP:books/sp/SOAK2016,
	author    = {Sherif Sakr and
	Faisal Moeen Orakzai and
	Ibrahim Abdelaziz and
	Zuhair Khayyat},
	title     = {Large-Scale Graph Processing Using {A}pache {G}iraph},
	publisher = {Springer},
	year      = {2016},
	url       = {https://doi.org/10.1007/978-3-319-47431-1},
	doi       = {10.1007/978-3-319-47431-1},
	isbn      = {978-3-319-47430-4},
	timestamp = {Wed, 14 Jun 2017 20:29:00 +0200},
	biburl    = {https://dblp.org/rec/bib/books/sp/SOAK2016},
	bibsource = {dblp computer science bibliography, https://dblp.org}
}

@inproceedings{DBLP:conf/www/EironMT04,
  author    = {Nadav Eiron and
               Kevin S. McCurley and
               John A. Tomlin},
  title     = {Ranking the web frontier},
  booktitle = {WWW},
  pages     = {309--318},
  publisher = {{ACM}},
  year      = {2004},
  url       = {https://doi.org/10.1145/988672.988714},
  doi       = {10.1145/988672.988714},
  timestamp = {Tue, 06 Nov 2018 16:57:07 +0100},
  biburl    = {https://dblp.org/rec/bib/conf/www/EironMT04},
  bibsource = {dblp computer science bibliography, https://dblp.org}
}
